<record><leader>00000cas a2200000 a 4500</leader><controlfield tag="001">9735078</controlfield><controlfield tag="008">830725d19831991iluwr ne      0   a0eng c</controlfield><datafield ind1=" " ind2=" " tag="010"><subfield code="a">sn 83008218 </subfield></datafield><datafield ind1=" " ind2=" " tag="040"><subfield code="a">NSD</subfield><subfield code="b">eng</subfield><subfield code="c">NSD</subfield><subfield code="d">NVF</subfield><subfield code="d">CVF</subfield><subfield code="d">NVF</subfield><subfield code="d">OCLCQ</subfield><subfield code="d">OCLCF</subfield><subfield code="d">OCLCO</subfield><subfield code="d">NVF</subfield></datafield><datafield ind1=" " ind2=" " tag="012"><subfield code="m">1</subfield></datafield><datafield ind1="1" ind2=" " tag="022"><subfield code="a">0746-0805</subfield><subfield code="l">0746-0805</subfield><subfield code="2">1</subfield></datafield><datafield ind1=" " ind2=" " tag="032"><subfield code="a">015350</subfield><subfield code="b">USPS</subfield></datafield><datafield ind1=" " ind2=" " tag="037"><subfield code="b">Lake Forest News/Voice, 1899 Second St., Highland Park, IL 60035</subfield></datafield><datafield ind1=" " ind2=" " tag="042"><subfield code="a">nsdp</subfield><subfield code="a">pcc</subfield></datafield><datafield ind1=" " ind2=" " tag="043"><subfield code="a">n-us-il</subfield></datafield><datafield ind1=" " ind2="0" tag="222"><subfield code="a">Lake Forest news/voice</subfield></datafield><datafield ind1="0" ind2="0" tag="245"><subfield code="a">Lake Forest news/voice.</subfield></datafield><datafield ind1="1" ind2=" " tag="246"><subfield code="i">Published as:</subfield><subfield code="a">News/voice</subfield><subfield code="f">Aug. 16, 1990-Jan. 3, 1991</subfield></datafield><datafield ind1="3" ind2=" " tag="246"><subfield code="a">Lake Forest news voice</subfield></datafield><datafield ind1="3" ind2=" " tag="246"><subfield code="a">News voice</subfield></datafield><datafield ind1=" " ind2=" " tag="260"><subfield code="a">Highland Park, Ill. :</subfield><subfield code="b">News/Voice Newspapers, Inc.,</subfield><subfield code="c">1983-1991.</subfield></datafield><datafield ind1=" " ind2=" " tag="310"><subfield code="a">Weekly</subfield></datafield><datafield ind1="0" ind2=" " tag="362"><subfield code="a">Vol. 1, no. 1 (June 9, 1983)-v. 9, no. 4 (Jan. 30, 1991).</subfield></datafield><datafield ind1=" " ind2="0" tag="651"><subfield code="a">Lake Forest (Ill.)</subfield><subfield code="v">Newspapers.</subfield></datafield><datafield ind1=" " ind2="0" tag="651"><subfield code="a">Lake Bluff (Ill.)</subfield><subfield code="v">Newspapers.</subfield></datafield><datafield ind1=" " ind2="0" tag="651"><subfield code="a">Knollwood (Ill.)</subfield><subfield code="v">Newspapers.</subfield></datafield><datafield ind1=" " ind2="7" tag="651"><subfield code="a">Illinois</subfield><subfield code="z">Lake Bluff.</subfield><subfield code="2">fast</subfield><subfield code="0">(OCoLC)fst01215274</subfield></datafield><datafield ind1=" " ind2="7" tag="651"><subfield code="a">Illinois</subfield><subfield code="z">Lake Forest.</subfield><subfield code="2">fast</subfield><subfield code="0">(OCoLC)fst01226541</subfield></datafield><datafield ind1=" " ind2="7" tag="655"><subfield code="a">Newspapers.</subfield><subfield code="2">fast</subfield><subfield code="0">(OCoLC)fst01423814</subfield></datafield><datafield ind1=" " ind2=" " tag="752"><subfield code="a">United States</subfield><subfield code="b">Illinois</subfield><subfield code="c">Lake</subfield><subfield code="d">Highland Park.</subfield></datafield><datafield ind1="0" ind2="0" tag="780"><subfield code="t">Lake Forest-Lake Bluff news-advertiser</subfield><subfield code="x">0745-158X</subfield><subfield code="w">(DLC)sn 82007305</subfield><subfield code="w">(OCoLC)8879917</subfield></datafield><datafield ind1="1" ind2=" " tag="029"><subfield code="a">AU@</subfield><subfield code="b">000025806133</subfield></datafield></record>